@book{buyens_gebarentaaltolken_2003,
	title = {Gebarentaaltolken},
	isbn = {978-90-441-1292-4},
	language = {nl},
	publisher = {Garant},
	author = {Buyens, Maurice},
	year = {2003},
	pages = {15}
}

@inproceedings{sutskever2013importance,
	title={On the importance of initialization and momentum in deep learning},
	author={Sutskever, Ilya and Martens, James and Dahl, George and Hinton, Geoffrey},
	booktitle={International conference on machine learning},
	pages={1139--1147},
	year={2013}
}

@article{VGT-standard,
	title = {Flemish {Sign} {Language} standardisation},
	volume = {10},
	issn = {1466-4208, 1747-7506},
	url = {http://www.tandfonline.com/doi/abs/10.1080/14664200903154874},
	doi = {10.1080/14664200903154874},
	language = {en},
	number = {3},
	urldate = {2017-05-12},
	journal = {Current Issues in Language Planning},
	author = {Van Herreweghe, Mieke and Vermeerbergen, Myriam},
	month = aug,
	year = {2009},
	pages = {308--326},
	file = {published.pdf:/home/jasper/.mozilla/firefox/luuth0e7.default/zotero/storage/WP8BMZVQ/published.pdf:application/pdf}
}

@article{botev_nesterovs_2016,
	title = {Nesterov's {Accelerated} {Gradient} and {Momentum} as approximations to {Regularised} {Update} {Descent}},
	urldate = {2017-06-04},
	journal = {arXiv:1607.01981 [cs, stat]},
	author = {Botev, Aleksandar and Lever, Guy and Barber, David},
	month = jul,
	year = {2016},
	note = {arXiv: 1607.01981},
	keywords = {Computer Science - Learning, Statistics - Machine Learning}
}
@article{hubel1968receptive,
	title={Receptive fields and functional architecture of monkey striate cortex},
	author={Hubel, David H and Wiesel, Torsten N},
	journal={The Journal of physiology},
	volume={195},
	number={1},
	pages={215--243},
	year={1968},
	publisher={Wiley Online Library}
}



@inproceedings{cnn-karpathy,
	title = {Large-scale video classification with convolutional neural networks},
	urldate = {2017-01-07},
	booktitle = {Proceedings of the {IEEE} conference on {Computer} {Vision} and {Pattern} {Recognition}},
	author = {Karpathy, Andrej and Toderici, George and Shetty, Sanketh and Leung, Thomas and Sukthankar, Rahul and Fei-Fei, Li},
	year = {2014},
	pages = {1725--1732},
	file = {Large-scale Video Classification with Convolutional Neural Networks.pdf:/home/jasper/.mozilla/firefox/luuth0e7.default/zotero/storage/QN3V8RSR/Large-scale Video Classification with Convolutional Neural Networks.pdf:application/pdf}
}

@article{cnn-ji,
	title = {3D convolutional neural networks for human action recognition},
	volume = {35},
	number = {1},
	urldate = {2017-01-07},
	journal = {IEEE transactions on pattern analysis and machine intelligence},
	author = {Ji, Shuiwang and Xu, Wei and Yang, Ming and Yu, Kai},
	year = {2013},
	pages = {221--231},
	file = {3D Convolutional Neural Networks for Human Action Recognition.pdf:/home/jasper/.mozilla/firefox/luuth0e7.default/zotero/storage/TGWH8NZE/3D Convolutional Neural Networks for Human Action Recognition.pdf:application/pdf}
}


@inproceedings{wu_deep_2014,
	title = {Deep dynamic neural networks for gesture segmentation and recognition},
	urldate = {2017-01-07},
	booktitle = {Workshop at the {European} {Conference} on {Computer} {Vision}},
	publisher = {Springer},
	author = {Wu, Di and Shao, Ling},
	year = {2014},
	pages = {552--571},
	file = {Deep dyn neural networks for gesture segm and recogn.pdf:/home/jasper/.mozilla/firefox/luuth0e7.default/zotero/storage/CJEIG678/Deep dyn neural networks for gesture segm and recogn.pdf:application/pdf}
}

@article{wu_deep_2016,
	title = {Deep {Dynamic} {Neural} {Networks} for {Multimodal} {Gesture} {Segmentation} and {Recognition}},
	urldate = {2017-01-08},
	author = {Wu, Di and Pigou, Lionel and Kindermans, Pieter-Jan and Nam, L. E. and Shao, Ling and Dambre, Joni and Odobez, Jean-Marc},
	year = {2016},
	file = {Wu_DEEPDYNAMICNEURALNETWORKSFORMULTIMODALGESTURESEGMENTATIONANDRECOGNITION_2016.pdf:/home/jasper/.mozilla/firefox/luuth0e7.default/zotero/storage/ZFWPFGVI/Wu_DEEPDYNAMICNEURALNETWORKSFORMULTIMODALGESTURESEGMENTATIONANDRECOGNITION_2016.pdf:application/pdf}
}

@inproceedings{escalera_chalearn_2014,
	title = {{ChaLearn} {Looking} at {People} {Challenge} 2014: {Dataset} and {Results}},
	shorttitle = {{ChaLearn} {Looking} at {People} {Challenge} 2014},
	language = {en},
	urldate = {2017-05-30},
	booktitle = {Computer {Vision} - {ECCV} 2014 {Workshops}},
	publisher = {Springer, Cham},
	author = {Escalera, Sergio and Baro, Xavier and Gonzalez, Jordi and Bautista, Miguel A. and Madadi, Meysam and Reyes, Miguel and Ponce-Lopez, Victor and Escalante, Hugo J. and Shotton, Jamie and Guyon, Isabelle},
	month = sep,
	year = {2014},
	pages = {459--473},
}

@article{lasagne,
	title={Lasagne: First release},
	author={Dieleman, Sander and Schl{\"u}ter, Jan and Raffel, Colin and Olson, Eben and S{\o}nderby, S{\o}ren Kaae and Nouri, Daniel and Maturana, Daniel and Thoma, Martin and Battenberg, Eric and Kelly, Jack and others},
	journal={Zenodo: Geneva, Switzerland},
	year={2015}
}

@inproceedings{theano,
	title = {Theano: {A} {CPU} and {GPU} math compiler in {Python}},
	shorttitle = {Theano},
	urldate = {2017-05-30},
	booktitle = {Proc. 9th {Python} in {Science} {Conf}},
	author = {Bergstra, James and Breuleux, Olivier and Bastien, Frédéric and Lamblin, Pascal and Pascanu, Razvan and Desjardins, Guillaume and Turian, Joseph and Warde-Farley, David and Bengio, Yoshua},
	year = {2010},
	pages = {1--7},
	file = {theano_scipy2010.pdf:/home/jasper/.mozilla/firefox/luuth0e7.default/zotero/storage/5D9RVDA8/theano_scipy2010.pdf:application/pdf}
}


@inproceedings{glorot-1,
	title = {Understanding the difficulty of training deep feedforward neural networks.},
	volume = {9},
	urldate = {2017-05-29},
	booktitle = {Aistats},
	author = {Glorot, Xavier and Bengio, Yoshua},
	year = {2010},
	pages = {249--256},
	file = {glorot10a.pdf:/home/jasper/.mozilla/firefox/luuth0e7.default/zotero/storage/SXKF7ZQE/glorot10a.pdf:application/pdf}
}
@article{lionel,
	title = {Gebarentaalherkenning met convolutionele neurale},
	urldate = {2017-01-08},
	year={2014},
	author = {Pigou, Lionel},
	file = {RUG01-002153465_2014_0001_AC.pdf:/home/jasper/.mozilla/firefox/luuth0e7.default/zotero/storage/99SX6SZM/RUG01-002153465_2014_0001_AC.pdf:application/pdf}
}
@inproceedings{ReLU,
	title = {Deep {Sparse} {Rectifier} {Neural} {Networks}.},
	volume = {15},
	urldate = {2017-05-28},
	booktitle = {Aistats},
	author = {Glorot, Xavier and Bordes, Antoine and Bengio, Yoshua},
	year = {2011},
	pages = {275},
	file = {glorot11a.pdf:/home/jasper/.mozilla/firefox/luuth0e7.default/zotero/storage/3BQ7NPIA/glorot11a.pdf:application/pdf}
}

@article{dropout,
	title = {Dropout: a simple way to prevent neural networks from overfitting.},
	volume = {15},
	shorttitle = {Dropout},
	number = {1},
	urldate = {2017-05-26},
	journal = {Journal of Machine Learning Research},
	author = {Srivastava, Nitish and Hinton, Geoffrey E. and Krizhevsky, Alex and Sutskever, Ilya and Salakhutdinov, Ruslan},
	year = {2014},
	pages = {1929--1958},
}

@inproceedings{krizhevsky2012imagenet,
	title={Imagenet classification with deep convolutional neural networks},
	author={Krizhevsky, Alex and Sutskever, Ilya and Hinton, Geoffrey E},
	booktitle={Advances in neural information processing systems},
	pages={1097--1105},
	year={2012}
}



@article{kuhn2011kinect,
	title={The Kinect sensor platform},
	author={K{\"u}hn, Thomas},
	journal={Proc. Advances in Media Technology},
	pages={1--4},
	year={2011}
}


